<?xml version="1.0" encoding="UTF-8"?>
<Document xmlns="http://www.six-interbank-clearing.com/de/pain.001.001.03.ch.02.xsd" xmlns:xsi="http://www.w3.org/2001/XMLSchema-instance" xsi:schemaLocation="http://www.six-interbank-clearing.com/de/pain.001.001.03.ch.02.xsd pain.001.001.03.ch.02.xsd">
  <CstmrCdtTrfInitn>
    <GrpHdr>
      <MsgId>message-001</MsgId>
      <CreDtTm>2021-06-24T06:40:36+00:00</CreDtTm>
      <NbOfTxs>2</NbOfTxs>
      <CtrlSum>1.10</CtrlSum>
      <InitgPty>
        <Nm>InnoMuster AG</Nm>
        <CtctDtls>
          <Nm>Z38_SwissPayment</Nm>
          <Othr>0.7.0</Othr>
        </CtctDtls>
      </InitgPty>
    </GrpHdr>
    <PmtInf>
      <PmtInfId>payment-001</PmtInfId>
      <PmtMtd>TRF</PmtMtd>
      <BtchBookg>true</BtchBookg>
      <PmtTpInf>
        <SvcLvl>
          <Cd>SEPA</Cd>
        </SvcLvl>
      </PmtTpInf>
      <ReqdExctnDt>2021-06-24</ReqdExctnDt>
      <Dbtr>
        <Nm>InnoMuster AG</Nm>
      </Dbtr>
      <DbtrAcct>
        <Id>
          <IBAN>CH2509000000147211067</IBAN>
        </Id>
      </DbtrAcct>
      <DbtrAgt>
        <FinInstnId>
          <BIC>POFICHBEXXX</BIC>
        </FinInstnId>
      </DbtrAgt>
      <CdtTrfTxInf>
        <PmtId>
          <InstrId>instr-001</InstrId>
          <EndToEndId>e2e-001</EndToEndId>
        </PmtId>
        <Amt>
          <InstdAmt Ccy="EUR">0.10</InstdAmt>
        </Amt>
        <ChrgBr>SLEV</ChrgBr>
        <CdtrAgt>
          <FinInstnId>
            <BIC>HFPLVX28QB7</BIC>
          </FinInstnId>
        </CdtrAgt>
        <Cdtr>
          <Nm>Dannie Terry</Nm>
          <PstlAdr>
            <StrtNm>Wiesenweg</StrtNm>
            <BldgNb>14b</BldgNb>
            <PstCd>8058</PstCd>
            <TwnNm>Zürich-Flughafen</TwnNm>
            <Ctry>CH</Ctry>
          </PstlAdr>
        </Cdtr>
        <CdtrAcct>
          <Id>
            <IBAN>CH14652369H58G6EFFNS2</IBAN>
          </Id>
        </CdtrAcct>
      </CdtTrfTxInf>
      <CdtTrfTxInf>
        <PmtId>
          <InstrId>instr-001</InstrId>
          <EndToEndId>e2e-001</EndToEndId>
        </PmtId>
        <Amt>
          <InstdAmt Ccy="EUR">1.00</InstdAmt>
        </Amt>
        <ChrgBr>SLEV</ChrgBr>
        <CdtrAgt>
          <FinInstnId>
            <BIC>HFPLVX28QB7</BIC>
          </FinInstnId>
        </CdtrAgt>
        <Cdtr>
          <Nm>Dannie Terry</Nm>
          <PstlAdr>
            <StrtNm>Wiesenweg</StrtNm>
            <BldgNb>14b</BldgNb>
            <PstCd>8058</PstCd>
            <TwnNm>Zürich-Flughafen</TwnNm>
            <Ctry>CH</Ctry>
          </PstlAdr>
        </Cdtr>
        <CdtrAcct>
          <Id>
            <IBAN>CH14652369H58G6EFFNS2</IBAN>
          </Id>
        </CdtrAcct>
      </CdtTrfTxInf>
    </PmtInf>
  </CstmrCdtTrfInitn>
</Document>